<?xml version='1.0' encoding='UTF-8'?>
<Document xmlns:xsi="http://www.w3.org/2001/XMLSchema-instance" xmlns="urn:iso:std:iso:20022:tech:xsd:pain.008.001.02">
  <CstmrDrctDbtInitn>
    <GrpHdr>
      <MsgId>PAY0001</MsgId>
      <CreDtTm>2026-01-07T21:01:49</CreDtTm>
      <NbOfTxs>2</NbOfTxs>
      <CtrlSum>137.00</CtrlSum>
      <InitgPty>
        <Nm>Clup de patinatge artistic Tavernes de la Valldigna</Nm>
      </InitgPty>
    </GrpHdr>
    <PmtInf>
      <PmtInfId>PAY0001-FRST-20260130-NORM-NOcateg</PmtInfId>
      <PmtMtd>DD</PmtMtd>
      <BtchBookg>true</BtchBookg>
      <NbOfTxs>1</NbOfTxs>
      <CtrlSum>37.00</CtrlSum>
      <PmtTpInf>
        <SvcLvl>
          <Cd>SEPA</Cd>
        </SvcLvl>
        <LclInstrm>
          <Cd>CORE</Cd>
        </LclInstrm>
        <SeqTp>FRST</SeqTp>
      </PmtTpInf>
      <ReqdColltnDt>2026-01-30</ReqdColltnDt>
      <Cdtr>
        <Nm>Clup de patinatge artistic Tavernes de la Valldigna</Nm>
      </Cdtr>
      <CdtrAcct>
        <Id>
          <IBAN>ES1600816723126557549777</IBAN>
        </Id>
      </CdtrAcct>
      <CdtrAgt>
        <FinInstnId>
          <Othr>
            <Id>NOTPROVIDED</Id>
          </Othr>
        </FinInstnId>
      </CdtrAgt>
      <ChrgBr>SLEV</ChrgBr>
      <CdtrSchmeId>
        <Id>
          <PrvtId>
            <Othr>
              <Id>ES41000G98558232</Id>
              <SchmeNm>
                <Prtry>SEPA</Prtry>
              </SchmeNm>
            </Othr>
          </PrvtId>
        </Id>
      </CdtrSchmeId>
      <DrctDbtTxInf>
        <PmtId>
          <InstrId>7</InstrId>
          <EndToEndId>7</EndToEndId>
        </PmtId>
        <InstdAmt Ccy="EUR">37.00</InstdAmt>
        <DrctDbtTx>
          <MndtRltdInf>
            <MndtId>BM0000004</MndtId>
            <DtOfSgntr>2026-01-07</DtOfSgntr>
          </MndtRltdInf>
        </DrctDbtTx>
        <DbtrAgt>
          <FinInstnId>
            <Othr>
              <Id>NOTPROVIDED</Id>
            </Othr>
          </FinInstnId>
        </DbtrAgt>
        <Dbtr>
          <Nm>Marta Beltran</Nm>
        </Dbtr>
        <DbtrAcct>
          <Id>
            <IBAN>ES9501281533757351281254</IBAN>
          </Id>
        </DbtrAcct>
        <Purp>
          <Cd>SUBS</Cd>
        </Purp>
        <RmtInf>
          <Strd>
            <CdtrRefInf>
              <Tp>
                <CdOrPrtry>
                  <Cd>SCOR</Cd>
                </CdOrPrtry>
                <Issr>structured</Issr>
              </Tp>
              <Ref>Esports CPA</Ref>
            </CdtrRefInf>
          </Strd>
        </RmtInf>
      </DrctDbtTxInf>
    </PmtInf>
    <PmtInf>
      <PmtInfId>PAY0001-FRST-20260129-NORM-NOcateg</PmtInfId>
      <PmtMtd>DD</PmtMtd>
      <BtchBookg>true</BtchBookg>
      <NbOfTxs>1</NbOfTxs>
      <CtrlSum>100.00</CtrlSum>
      <PmtTpInf>
        <SvcLvl>
          <Cd>SEPA</Cd>
        </SvcLvl>
        <LclInstrm>
          <Cd>CORE</Cd>
        </LclInstrm>
        <SeqTp>FRST</SeqTp>
      </PmtTpInf>
      <ReqdColltnDt>2026-01-29</ReqdColltnDt>
      <Cdtr>
        <Nm>Clup de patinatge artistic Tavernes de la Valldigna</Nm>
      </Cdtr>
      <CdtrAcct>
        <Id>
          <IBAN>ES1600816723126557549777</IBAN>
        </Id>
      </CdtrAcct>
      <CdtrAgt>
        <FinInstnId>
          <Othr>
            <Id>NOTPROVIDED</Id>
          </Othr>
        </FinInstnId>
      </CdtrAgt>
      <ChrgBr>SLEV</ChrgBr>
      <CdtrSchmeId>
        <Id>
          <PrvtId>
            <Othr>
              <Id>ES41000G98558232</Id>
              <SchmeNm>
                <Prtry>SEPA</Prtry>
              </SchmeNm>
            </Othr>
          </PrvtId>
        </Id>
      </CdtrSchmeId>
      <DrctDbtTxInf>
        <PmtId>
          <InstrId>8</InstrId>
          <EndToEndId>8</EndToEndId>
        </PmtId>
        <InstdAmt Ccy="EUR">100.00</InstdAmt>
        <DrctDbtTx>
          <MndtRltdInf>
            <MndtId>BM0000001</MndtId>
            <DtOfSgntr>2026-01-07</DtOfSgntr>
          </MndtRltdInf>
        </DrctDbtTx>
        <DbtrAgt>
          <FinInstnId>
            <Othr>
              <Id>NOTPROVIDED</Id>
            </Othr>
          </FinInstnId>
        </DbtrAgt>
        <Dbtr>
          <Nm>Pere Estruch</Nm>
        </Dbtr>
        <DbtrAcct>
          <Id>
            <IBAN>ES8921003193472648111816</IBAN>
          </Id>
        </DbtrAcct>
        <Purp>
          <Cd>SUBS</Cd>
        </Purp>
        <RmtInf>
          <Strd>
            <CdtrRefInf>
              <Tp>
                <CdOrPrtry>
                  <Cd>SCOR</Cd>
                </CdOrPrtry>
                <Issr>structured</Issr>
              </Tp>
              <Ref>Esports CPA</Ref>
            </CdtrRefInf>
          </Strd>
        </RmtInf>
      </DrctDbtTxInf>
    </PmtInf>
  </CstmrDrctDbtInitn>
</Document>
